@misc{blender,
  author = {Blender Foundation},
  note   = {Accessed: 2025-01-15. Software available from https://www.blender.org/},
  title  = {{Blender (Version 3.4.1)}},
  year   = 2025
}

@misc{blenderCompositor,
  author       = {{Blender Foundation}},
  howpublished = {\url{https://docs.blender.org/manual/en/latest/editors/compositor.html}},
  note         = {Licensed under CC BY-SA 4.0},
  title        = {Compositor},
  year         = {2025}
}

@misc{ceh,
  author = {{UK Centre for Ecology \& Hydrology}},
  note   = {Accessed: 2025-01-15},
  title  = {{UK Centre for Ecology \& Hydrology Data Portal}},
  url    = {https://www.ceh.ac.uk/data/},
  year   = 2025
}

@book{cgal:eb-24b,
  author    = {{The CGAL Project}},
  edition   = {{5.6.2}},
  publisher = {{CGAL Editorial Board}},
  title     = {{CGAL} User and Reference Manual},
  url       = {https://doc.cgal.org/5.6.2/Manual/packages.html},
  year      = 2024
}

@inproceedings{chew1987constraints,
  address   = {New York, NY, USA},
  author    = {Chew, L. P.},
  booktitle = {Proceedings of the Third Annual Symposium on Computational Geometry},
  doi       = {10.1145/41958.41981},
  isbn      = {0897912314},
  location  = {Waterloo, Ontario, Canada},
  numpages  = {8},
  pages     = {215–222},
  publisher = {Association for Computing Machinery},
  series    = {SCG '87},
  title     = {Constrained Delaunay triangulations},
  url       = {https://doi.org/10.1145/41958.41981},
  year      = {1987}
}

@article{dijkstra1959,
  author  = {Dijkstra, E. W.},
  doi     = {10.1007/BF01386390},
  issue   = {1},
  journal = {Numerische Mathematik},
  pages   = {269-271},
  title   = {A note on two problems in connexion with graphs},
  url     = {https://doi.org/10.1007/BF01386390},
  volume  = {1},
  year    = {1959}
}

@article{ek2021motives,
  author    = {Ek, Kristina and W{\aa}rell, Linda and Andersson, Linda},
  journal   = {European transport research review},
  pages     = {1--12},
  publisher = {Springer},
  title     = {Motives for walking and cycling when commuting--differences in local contexts and attitudes},
  volume    = {13},
  year      = {2021}
}

@dataset{esa2024dem,
  author    = {{European Space Agency}},
  doi       = {10.5069/G9028PQB},
  note      = {Accessed: 2025-01-01},
  publisher = {OpenTopography},
  title     = {Copernicus Global Digital Elevation Model},
  year      = {2024}
}

@article{evans2023tsr,
  author = {Will Evans},
  note   = {[Unpublished master's thesis]},
  title  = {Walk Planner. A Terrain-sensitive Routing system for use in walk Planning Application},
  year   = {2023}
}


@inproceedings{felner2011search,
  author    = {Felner, Ariel},
  booktitle = {Proceedings of the International Symposium on Combinatorial Search},
  number    = {1},
  pages     = {47--51},
  title     = {Position paper: Dijkstra's algorithm versus uniform cost search or a case against dijkstra's algorithm},
  volume    = {2},
  year      = {2011}
}

@inproceedings{ferguson2005delayeddstar,
  author    = {Ferguson, D. and Stentz, A.},
  booktitle = {Proceedings of the 2005 IEEE International Conference on Robotics and Automation},
  doi       = {10.1109/ROBOT.2005.1570414},
  keywords  = {Delay;Mobile robots;Navigation;Cost function;Robot sensing systems;Vehicle dynamics;Path planning;Vehicles;Motion planning;State-space methods},
  number    = {},
  pages     = {2045-2050},
  title     = {The Delayed D* Algorithm for Efficient Path Replanning},
  volume    = {},
  year      = {2005}
}

 @misc{fmtlib,
  author = {{fmtlib}},
  note   = {Accessed: 2025-01-02},
  title  = {fmt: A modern formatting library},
  url    = {https://github.com/fmtlib/fmt},
  year   = {2025}
}

@software{gdal,
  author    = {Rouault, Even and
               Warmerdam, Frank and
               Schwehr, Kurt and
               Kiselev, Andrey and
               Butler, Howard and
               Łoskot, Mateusz and
               Szekeres, Tamas and
               Tourigny, Etienne and
               Landa, Martin and
               Miara, Idan and
               Elliston, Ben and
               Kumar, Chaitanya and
               Plesea, Lucian and
               Morissette, Daniel and
               Jolma, Ari and
               Dawson, Nyall},
  doi       = {10.5281/zenodo.6517191},
  publisher = {Zenodo},
  title     = {GDAL},
  url       = {https://doi.org/10.5281/zenodo.6517191},
  version   = {v3.4.3},
  year      = 2022
}

@misc{gearth,
  author = {{Google LLC}},
  note   = {Accessed: 2025-01-15. Software available from https://www.google.com/earth/about},
  title  = {{Google Earth Pro (Version 7.3.6)}},
  year   = 2025
}

@misc{geographiclib,
  author       = {Charles F. F. Karney},
  howpublished = {https://github.com/geographiclib/geographiclib},
  note         = {[Online; Accessed 2025-01-01]},
  title        = {GeographicLib}
}

@online{google2019keyword,
  author  = {Google},
  date    = {2019-07-22},
  title   = {The Keyword},
  url     = {https://blog.google/products/maps/google-maps-101-how-we-map-world/},
  urldate = {2025-01-01}
}

@misc{gtest,
  author  = {{Google}},
  note    = {Version 1.14.0},
  title   = {Google Test: Google’s C++ testing and mocking framework},
  url     = {https://github.com/google/googletest},
  urldate = {2025-01-02},
  year    = {2023}
}


@article{horiuchi2015comparisons,
  author    = {Horiuchi, Masahiro and Endo, Junko and Horiuchi, Yukari and Abe, Daijiro},
  journal   = {Journal of Exercise Science \& Fitness},
  number    = {2},
  pages     = {79--85},
  publisher = {Elsevier},
  title     = {Comparisons of energy cost and economical walking speed at various gradients in healthy, active younger and older adults},
  volume    = {13},
  year      = {2015}
}

@misc{libboost,
  author = {Boost Development Team},
  note   = {Version 1.75.0, Accessed: 2025-01-08},
  title  = {Boost C++ Libraries},
  url    = {https://www.boost.org},
  year   = {2021}
}

@book{marschner2018graphics,
  author    = {Marschner, Steve and Shirley, Peter},
  publisher = {CRC press},
  title     = {Fundamentals of computer graphics},
  year      = {2018}
}

@article{mehta2019google,
  author  = {Mehta, Heeket and Kanani, Pratik and Lande, Priya},
  doi     = {10.5120/ijca2019918791},
  journal = {International Journal of Computer Applications},
  number  = {8},
  pages   = {41--46},
  title   = {Google maps},
  volume  = {178},
  year    = {2019}
}

@misc{ogc_wcs,
  author = {{Open Geospatial Consortium (OGC)}},
  note   = {Accessed: 2025-01-15},
  title  = {{Web Coverage Service (WCS) Standards}},
  url    = {https://www.ogc.org/publications/standard/wcs/},
  year   = 2025
}

@misc{ogc_wms,
  author = {{Open Geospatial Consortium (OGC)}},
  note   = {Accessed: 2025-01-15},
  title  = {{Web Map Service (WMS) Standards}},
  url    = {https://www.ogc.org/publications/standard/wms/},
  year   = 2025
}

@misc{oneTBB,
  author = {{UXL Foundation}},
  note   = {Version 12.3, Accessed: 2025-01-02},
  title  = {oneAPI Threading Building Blocks (oneTBB)},
  url    = {https://github.com/oneapi-src/oneTBB},
  year   = {2025}
}

@article{opencv_library,
  author   = {Bradski, G.},
  journal  = {Dr. Dobb's Journal of Software Tools},
  keywords = {bibtex-import},
  priority = {4},
  title    = {{The OpenCV Library}},
  year     = {2000}
}

@article{perkins2013fielddstar,
  author  = {Perkins, Simon  and  Marais, Patrick  and  Gain, James  and  Berman, Mark},
  doi     = {10.1007/s10458-012-9195-8},
  issue   = {3},
  journal = {Autonomous Agents and Multi-Agent Systems},
  pages   = {354-388},
  title   = {Field D* path-finding on weighted triangulated and tetrahedral meshes},
  url     = {https://doi.org/10.1007/s10458-012-9195-8},
  volume  = {26},
  year    = {2013}
}

@book{preparata2012computational,
  author    = {Preparata, Franco P and Shamos, Michael I},
  publisher = {Springer Science \& Business Media},
  title     = {Computational geometry: an introduction},
  year      = {2012}
}

@article{singleton2019walking,
  author    = {Singleton, Patrick A},
  journal   = {Travel behaviour and society},
  pages     = {249--261},
  publisher = {Elsevier},
  title     = {Walking (and cycling) to well-being: Modal and other determinants of subjective well-being during the commute},
  volume    = {16},
  year      = {2019}
}

@misc{tin_terrain_logging,
  author       = {{HERE Technologies}},
  howpublished = {\url{https://github.com/heremaps/tin-terrain/blob/master/src/logging.cpp}},
  note         = {Accessed: 2025-01-02},
  title        = {logging.cpp},
  year         = {2025}
}
@misc{ukgov_env,
  author = {UK Government},
  title  = {{LiDAR Composite Digital Terrain Model (DTM) 10m}},
  url    = {https://www.data.gov.uk/dataset/7f31af0f-bc98-4761-b4b4-147bfb986648/lidar-composite-digital-terrain-model-dtm-10m},
  year   = 2025
}

@misc{ukgov2021travel,
  author  = {{Department for Transport}},
  date    = {2022-08-31},
  title   = {National Travel Survey 2021},
  url     = {https://www.gov.uk/government/statistics/national-travel-survey-2021/national-travel-survey-2021-mode-share-journey-lengths-and-public-transport-use},
  urldate = {2025-01-03}
}

@book{united1978manual,
  author    = {United States. National Advisory Committee on Uniform Traffic Control Devices},
  note      = {Accessed: 2025-01-16},
  publisher = {Department of Transportation, Federal Highway Administration},
  title     = {Manual on Uniform Traffic Control Devices for Streets and Highways},
  url       = {https://mutcd.fhwa.dot.gov/index.htm},
  year      = {1978}
}

@misc{wiki:osm,
  author = {{OpenStreetMap Wiki}},
  note   = {[Online; Accessed 2025-01-01]},
  title  = {Overpass API --- OpenStreetMap Wiki{,} },
  url    = {https://wiki.openstreetmap.org/w/index.php?title=Overpass_API},
  year   = {2024}
}

@article{zhao2024searchrescue,
  author    = {Zhao, Dequan and Ni, Li and Zhou, Kefa and Lv, Zhihong and Qu, Guangjun and Gao, Yue and Yuan, Weiting and Wu, Qiulan and Zhang, Feng and Zhang, Qing},
  journal   = {Sensors},
  number    = {17},
  pages     = {5643},
  publisher = {MDPI},
  title     = {A Study of the Improved A* Algorithm Incorporating Road Factors for Path Planning in Off-Road Emergency Rescue Scenarios},
  volume    = {24},
  year      = {2024}
}
